@article{fowler2005language,
  title={Language workbenches: The killer-app for domain specific languages},
  author={Fowler, Martin},
  year={2005}
}

@MISC{Sajaniemi_teachingprogramming:,
    author = {Jorma Sajaniemi and Chenglie Hu},
    title = {Teaching Programming: Going beyond “Objects First”},
    year = {}
}

@Misc{kodu,
 author = {Microsoft Research},
 title = {Kodu},
 url = {http://research.microsoft.com/en-us/projects/kodu/},
}

@article{milne_2002,
 author = {Milne, Iain and Rowe, Glenn},
 title = {Difficulties in Learning and Teaching Programming\&Mdash;Views of Students and Tutors},
 journal = {Education and Information Technologies},
 issue_date = {March 2002},
 volume = {7},
 number = {1},
 month = mar,
 year = {2002},
 issn = {1360-2357},
 pages = {55--66},
 numpages = {12},
 url = {http://dx.doi.org/10.1023/A:1015362608943},
 doi = {10.1023/A:1015362608943},
 acmid = {593887},
 publisher = {Kluwer Academic Publishers},
 address = {Hingham, MA, USA},
 keywords = {novices, object-orientation, programming, programming difficulties, software visualization},
}

@article{vilner_2007,
 author = {Vilner, Tamar and Zur, Ela and Gal-Ezer, Judith},
 title = {Fundamental Concepts of CS1: Procedural vs. Object Oriented Paradigm - a Case Study},
 journal = {SIGCSE Bull.},
 issue_date = {September 2007},
 volume = {39},
 number = {3},
 month = jun,
 year = {2007},
 issn = {0097-8418},
 pages = {171--175},
 numpages = {5},
 url = {http://doi.acm.org/10.1145/1269900.1268835},
 doi = {10.1145/1269900.1268835},
 acmid = {1268835},
 publisher = {ACM},
 address = {New York, NY, USA},
 keywords = {CS1, OOP paradigm, procedural paradigm},
} 

@article{moritz_2005,
 author = {Moritz, Sally H. and Wei, Fang and Parvez, Shahida M. and Blank, Glenn D.},
 title = {From Objects-first to Design-first with Multimedia and Intelligent Tutoring},
 journal = {SIGCSE Bull.},
 issue_date = {September 2005},
 volume = {37},
 number = {3},
 month = jun,
 year = {2005},
 issn = {0097-8418},
 pages = {99--103},
 numpages = {5},
 url = {http://doi.acm.org/10.1145/1151954.1067475},
 doi = {10.1145/1151954.1067475},
 acmid = {1067475},
 publisher = {ACM},
 address = {New York, NY, USA},
 keywords = {CIMEL, CS1, Eclipse, IDE, Java, Java in high schools, UML, courseware, e-learning, intelligent tutoring system, multimedia, object-oriented programming, objects-first, pedagogy, student model},
} 

@book{hey2014computing,
  title={The Computing Universe: A Journey through a Revolution},
  author={Hey, T. and P{\'a}pay, G.},
  isbn={9781316123225},
  url={https://books.google.com.ar/books?id=q4FIBQAAQBAJ},
  year={2014},
  publisher={Cambridge University Press}
}


@article{singh2012,
  title = {How to teach programming languages to novice Student and Problems in learning of Students},
  journal = {Journal of Computing Technologies (JCT)},
  year = {2012},
  author = {Mr. Tejinder Singh},
  volume = {1},
  number = {2},
  pages = {5}
}

@article{harrisonmama,
  title={Mama-an educational 3D programming language},
  author={Harrison Pierce, Age}
}

@book{martin2008cleanCode,
  title={Clean Code: A Handbook of Agile Software Craftsmanship},
  author={Martin, Robert C.},
  isbn={978-0132350884},
  url={https://www.amazon.com/Clean-Code-Handbook-Software-Craftsmanship/dp/0132350882},
  year={2008},
  publisher={Prentice Hall}
}
